@article{article1,
  author  = {{Gisu Yeo, Yeryeong Kim, Suhyeon Song and Donghyun Kwon}},
  title   = {{Efficient CFI Enforcement for Embedded Systems Using ARM TrustZone-M}},
  journal = {{IEEE}},
  year    = 2022
}

@article{article2,
  author  = {{Valentina Forte, Nicolò Maunero, Paolo Prinetto and Gianluca Roascio}},
  title   = {{PROLEPSIS: Binary Analysis and Instrumentation of IoT Software for Control-Flow Integrity}},
  journal = {{International Conference on Electrical, Computer, Communications and Mechatronics Engineering (ICECCME)}},
  year    = 2021
}

@article{Degani,
  author    = {{Degani Luca, Salehi Majid, Martinelli Fabio and Crispo Bruno}},
  title     = {{$\mu$ IPS: Software-Based Intrusion Prevention for Bare-Metal Embedded Systems}},
  booktitle = {European Symposium on Research in Computer Security},
  pages     = {311--331},
  journal   = {{Springer}},
  year      = 2023
}

@misc{esp32c3,
  title        = {{ESP32-C3-DevKitM-1}},
  author       = {{Espressif}},
  howpublished = {\url{https://docs.espressif.com/projects/esp-idf/en/v5.2/esp32c3/hw-reference/esp32c3/user-guide-devkitm-1.html}},
  note         = {{Accessed 21/10/2024}}
}

@misc{esputil,
  title        = {{Espressif ESP32 flashing utility}},
  author       = {{Sergey Lyubka}},
  howpublished = {\url{https://github.com/cpq/esputil}},
  note         = {{Accessed 13/11/2024}}
}

@article{fhcfi,
  author    = {{Fu Anmin, Ding Weijia, Kuang Boyu, Li Qianmu, Susilo Willy and Zhang Yuqing}},
  title     = {{FH-CFI: Fine-grained hardware-assisted control flow integrity for ARM-based IoT devices}},
  booktitle = {Computers \& Security},
  journal   = {{Elsevier}},
  year      = 2022
}

@article{Fixer,
  author    = {{De Asmit, Basu Aditya, Ghosh Swaroop and Jaeger Trent}},
  title     = {{FIXER: Flow integrity extensions for embedded RISC-V}},
  booktitle = {2019 Design, Automation \& Test in Europe Conference \& Exhibition (DATE)},
  pages     = {348--353},
  journal   = {{IEEE}},
  year      = 2019
}

@misc{freertos,
  title        = {{FreeRTOS: Real-time operating system for microcontrollers and small microprocessors}},
  author       = {{Real Time Engineers}},
  howpublished = {\url{https://www.freertos.org/}},
  note         = {{Accessed 08/11/2024}}
}

@misc{gpl3,
  title        = {{GNU General Public License (GPL) v3.0}},
  author       = {{Free Software Foundation}},
  howpublished = {\url{https://www.gnu.org/licenses/gpl-3.0.html}},
  note         = {{Accessed 13/11/2024}}
}

@article{HCIC,
  author  = {{Zhang Jiliang, Qi Binhang, Qin Zheng and Qu Gang}},
  title   = {{HCIC: Hardware-assisted control-flow integrity checking}},
  volume  = {6},
  pages   = {458--471},
  journal = {{IEEE Internet of Things Journal}},
  year    = 2018
}

@misc{idfrtos,
  title        = {{IDF FreeRTOS}},
  author       = {{Espressif}},
  howpublished = {\url{https://docs.espressif.com/projects/esp-idf/en/stable/esp32/api-reference/system/freertos_idf.html}},
  note         = {{Accessed 09/11/2024}}
}

@misc{koika,
  title        = {{Kôika: A Core Language for Rule-Based Hardware Design}},
  author       = {{MIT CSAIL}},
  howpublished = {\url{https://github.com/mit-plv/koika}},
  note         = {{Accessed 21/11/2024}}
}

@misc{mdk,
  title        = {{mdk: A baremetal, single header ESP32/ESP32C3 SDK}},
  author       = {{Sergey Lyubka}},
  howpublished = {\url{https://github.com/cpq/mdk}},
  note         = {{Accessed 21/10/2024}}
}

@article{multicorecfi,
  author    = {{Moghadam Vahid Eftekhari, Prinetto Paolo and Roascio Gianluca}},
  title     = {{Real-Time Control-Flow Integrity for Multicore Mixed-Criticality IoT Systems}},
  booktitle = {2022 IEEE European Test Symposium (ETS)},
  pages     = {1--4},
  journal   = {{IEEE}},
  year      = 2022
}

@misc{repo,
  title        = {{Project's GitHub repository}},
  author       = {{Davide Moletta}},
  howpublished = {\url{https://github.com/davide-moletta/RISC-V-TE}}
}

@misc{riscv,
  title        = {{RISC-V Instruction Set Architecture}},
  author       = {{RISC-V International}},
  howpublished = {\url{https://riscv.org/about/}},
  note         = {{Accessed 20/10/2024}}
}

@article{riscvuzz,
  author  = {{Fabian Thomas, Lorenz Hetterich, Ruiyi Zhang, Daniel Weber, Lukas Gerlach and Michael Schwarz}},
  title   = {{RISCVuzz: Discovering Architectural CPU Vulnerabilities via Differential Hardware Fuzzing}},
  journal = {{CISPA Helmholtz Center for Information Security}},
  year    = 2024
}

@article{rop,
  author  = {{Jaloyan Georges-Axel, Markantonakis Konstantinos, Akram Raja Naeem, Robin David, Mayes Keith and Naccache David}},
  title   = {{Return-Oriented Programming on RISC-V}},
  journal = {{ACM}},
  year    = 2020
}

@misc{safertos,
  title        = {{SAFERTOS}},
  author       = {{High integrity systems}},
  howpublished = {\url{https://www.highintegritysystems.com/safertos/}},
  note         = {{Accessed 09/11/2024}}
}

@article{shadowstack,
  author  = {{Matthieu Baty, Guilaume Hiet and Pierre Wilke}},
  title   = {{Work in progress: A formally verified shadow stack for RISC-V}},
  journal = {{Institute for Research in Computer Science and Random Systems IRISA}},
  year    = 2022
}

@misc{specifications,
  title        = {{RISC-V Unprivileged and Privileged Specifications}},
  author       = {{RISC-V International}},
  howpublished = {\url{https://riscv.org/technical/specifications/}},
  note         = {{Accessed 20/10/2024}}
}

@article{Sponge,
  author    = {{Werner Mario, Unterluggauer Thomas, Schaffenrath David and Mangard Stefan}},
  title     = {{Sponge-based control-flow protection for IoT devices}},
  booktitle = {2018 IEEE European Symposium on Security and Privacy (EuroS\&P)},
  pages     = {214--226},
  journal   = {{IEEE}},
  year      = 2018
}

@misc{toolchain,
  title        = {{The xPack GNU RISC-V Embedded GCC}},
  author       = {{xpack project}},
  howpublished = {\url{https://xpack-dev-tools.github.io/riscv-none-elf-gcc-xpack/}},
  note         = {{Accessed 03/11/2024}}
}

@misc{zephyrtos,
  title        = {{Zephyr Project: a scalable real-time operating system}},
  author       = {{Wind River Systems}},
  howpublished = {\url{https://zephyrproject.org/}},
  note         = {{Accessed 27/11/2024}}
}
